@article{sacks1989design,
  title={Design and analysis of computer experiments},
  author={Sacks, Jerome and Welch, William J and Mitchell, Toby J and Wynn, Henry P},
  journal={Statistical science},
  pages={409--423},
  year={1989},
  publisher={JSTOR}
}

@book{forrester2008engineering,
  title={Engineering design via surrogate modelling: a practical guide},
  author={Forrester, Alexander and Sobester, Andras and Keane, Andy},
  year={2008},
  publisher={John Wiley \& Sons}
}

@book{santner2003design,
  title={The design and analysis of computer experiments},
  author={Santner, Thomas J and Williams, Brian J and Notz, William},
  year={2003},
  publisher={Springer}
}

@article{kennedy2000predicting,
  title={Predicting the output from a complex computer code when fast approximations are available},
  author={Kennedy, Marc C and O'Hagan, Anthony},
  journal={Biometrika},
  volume={87},
  number={1},
  pages={1--13},
  year={2000},
  publisher={Biometrika Trust}
}

@article{kbiob1951statistical,
  title={A statistical approach to some basic mine valuation problems on the Witwatersrand},
  author={Krige, Danie G.},
  journal={Journal of Chemical, Metallurgical, and Mining Society of South Africa},
  year={1951}
}

@article{rayleigh1888xxvi,
	title={XXVI. On the remarkable phenomenon of crystalline reflexion described by Prof. Stokes},
	author={Rayleigh, Lord},
	journal={The London, Edinburgh, and Dublin Philosophical Magazine and Journal of Science},
	volume={26},
	number={160},
	pages={256--265},
	year={1888},
	publisher={Taylor \& Francis}
}

@article{yablonovitch1987inhibited,
	title={Inhibited spontaneous emission in solid-state physics and electronics},
	author={Yablonovitch, Eli},
	journal={Physical review letters},
	volume={58},
	number={20},
	pages={2059},
	year={1987},
	publisher={APS}
}

@article{john1987strong,
	title={Strong localization of photons in certain disordered dielectric superlattices},
	author={John, Sajeev},
	journal={Physical review letters},
	volume={58},
	number={23},
	pages={2486},
	year={1987},
	publisher={APS}
}

@article{biswas2002three,
	title={Three-dimensional photonic band gaps in modified simple cubic lattices},
	author={Biswas, R and Sigalas, MM and Ho, K-M and Lin, S-Y},
	journal={Physical Review B},
	volume={65},
	number={20},
	pages={205121},
	year={2002},
	publisher={APS}
}

@article{huang2013eigendecomposition,
	title={Eigendecomposition of the Discrete Double-Curl Operator with Application to Fast Eigensolver for Three-Dimensional Photonic Crystals},
	author={Huang, Tsung-Ming and Hsieh, Han-En and Lin, Wen-Wei and Wang, Weichung},
	journal={SIAM Journal on Matrix Analysis and Applications},
	volume={34},
	number={2},
	pages={369--391},
	year={2013},
	publisher={SIAM}
}

@Article{xyz,
  author =   {Put authors here},
  title =    {title},
  journal =  {Journal of XYZ},
  year =     2000
}

@InCollection{KNG:96,
  author =   {Krishnakumar, K. and Narayanaswamy, S. and Garg, S.},
  title =    {Solving Large Parameter Optimization Problems Using
                  A Genetic Algorithm with Stoc hastic Coding},
  booktitle =    {{Genetic Algorithms in Engineering and Computer
                  Science}},
  publisher =    {John Wiley \& Sons, Inc. New York, NY, USA},
  year =     1996,
  editor =   {Winter, G. and Periaux, J. and Galan, M. and Cuesta,
                  P.}
}
}


