
@Article{xyz,
  author =	 {John Doe and Jane Doe},
  title =	 {Dummy article to be replaced by other references},
  journal =	 {Journal of xyz},
  year =	 2000
}


@article{montefusco2008semiclassical,
  title={{Semiclassical states for weakly coupled nonlinear Schr{\\"o}dinger systems}},
  author={Montefusco, E. and Pellacci, B. and Squassina, M.},
  journal={J. Eur. Math. Soc},
  volume={10},
  pages={47--71},
  year={2008}
}

@article{ambrosetti2007standing,
  title={{Standing waves of some coupled nonlinear Schrodinger equations}},
  author={Ambrosetti, A. and Colorado, E.},
  journal={Journal of the London Mathematical Society},
  volume={75},
  number={1},
  pages={67},
  year={2007}
}

@article{ikoma2009uniqueness,
  title={{Uniqueness of Positive Solutions for a Nonlinear Elliptic System}},
  author={Ikoma, N.},
  journal={NoDEA: Nonlinear Differential Equations and Applications},
  volume={16},
  number={5},
  pages={555--567},
  year={2009},
  publisher={Springer}
}

@conference{de2008solitary,
  title={{Solitary waves for some nonlinear Schr{\\"o}dinger systems}},
  author={de Figueiredo, D.G. and Lopes, O.},
  booktitle={Annales de l'Institut Henri Poincare/Analyse non lineaire},
  volume={25},
  number={1},
  pages={149--161},
  year={2008},
  organization={Elsevier}
}